<?xml version="1.0" encoding="UTF-8"?><collection xmlns="http://www.loc.gov/MARC21/slim"><record><leader>00432nam--2200145-i-4500</leader><controlfield tag="001">000034077</controlfield><controlfield tag="002">20161230</controlfield><controlfield tag="005">20161230201039</controlfield><controlfield tag="008">060222s1000------------r-----000-0-eng-d</controlfield><datafield ind1=" " ind2=" " tag="080"><subfield code="a">517.53(043)</subfield></datafield><datafield ind1=" " ind2=" " tag="100"><subfield code="a">Nestoridis, Vassili</subfield></datafield><datafield ind1=" " ind2=" " tag="245"><subfield code="a">Fonctons interieures:composantes conexes et multiplication par un produit de blaschke. these</subfield></datafield><datafield ind1=" " ind2=" " tag="260"><subfield code="a">Grenoble, L`Univ.,1977 52p</subfield></datafield><datafield ind1=" " ind2=" " tag="852"><subfield code="a">46391</subfield><subfield code="c">517.5</subfield></datafield><datafield ind1=" " ind2=" " tag="CAT"><subfield code="a">Sys</subfield><subfield code="c">20080806</subfield><subfield code="h">140004</subfield></datafield></record></collection>